@article{gomes17,
  author    = {Victor B. F. Gomes and
               Martin Kleppmann and
               Dominic P. Mulligan and
               Alastair R. Beresford},
  title     = {Verifying Strong Eventual Consistency in Distributed Systems},
  journal   = {CoRR},
  volume    = {abs/1707.01747},
  year      = {2017},
  url       = {http://arxiv.org/abs/1707.01747},
  archivePrefix = {arXiv},
  eprint    = {1707.01747},
  timestamp = {Mon, 13 Aug 2018 16:48:49 +0200},
  biburl    = {https://dblp.org/rec/bib/journals/corr/GomesKMB17},
  bibsource = {dblp computer science bibliography, https://dblp.org}
}
