@InProceedings{shapiro11,
  author="Shapiro, Marc
  and Pregui{\c{c}}a, Nuno
  and Baquero, Carlos
  and Zawirski, Marek",
  editor="D{\'e}fago, Xavier
  and Petit, Franck
  and Villain, Vincent",
  title="Conflict-Free Replicated Data Types",
  booktitle="Stabilization, Safety, and Security of Distributed Systems",
  year="2011",
  publisher="Springer Berlin Heidelberg",
  address="Berlin, Heidelberg",
  pages="386--400",
  isbn="978-3-642-24550-3"
}

@article{almeida16,
  author    = {Almeida, Paulo S{\'{e}}rgio and Shoker, Ali and Baquero, Carlos},
  title     = {Delta State Replicated Data Types},
  journal   = {CoRR},
  volume    = {abs/1603.01529},
  year      = {2016},
  url       = {http://arxiv.org/abs/1603.01529},
  archivePrefix = {arXiv},
  eprint    = {1603.01529},
  timestamp = {Mon, 13 Aug 2018 16:48:12 +0200},
  biburl    = {https://dblp.org/rec/bib/journals/corr/AlmeidaSB16},
  bibsource = {dblp computer science bibliography, https://dblp.org}
}

@article{gomes17,
  author    = {Victor B. F. Gomes and
               Martin Kleppmann and
               Dominic P. Mulligan and
               Alastair R. Beresford},
  title     = {Verifying Strong Eventual Consistency in Distributed Systems},
  journal   = {CoRR},
  volume    = {abs/1707.01747},
  year      = {2017},
  url       = {http://arxiv.org/abs/1707.01747},
  archivePrefix = {arXiv},
  eprint    = {1707.01747},
  timestamp = {Mon, 13 Aug 2018 16:48:49 +0200},
  biburl    = {https://dblp.org/rec/bib/journals/corr/GomesKMB17},
  bibsource = {dblp computer science bibliography, https://dblp.org}
}

@InProceedings{zeller14,
  author="Zeller, Peter and Bieniusa, Annette and Poetzsch-Heffter, Arnd",
  editor="{\'A}brah{\'a}m, Erika and Palamidessi, Catuscia",
  title="Formal Specification and Verification of CRDTs",
  booktitle="Formal Techniques for Distributed Objects, Components, and Systems",
  year="2014",
  publisher="Springer Berlin Heidelberg",
  address="Berlin, Heidelberg",
  pages="33--48",
  isbn="978-3-662-43613-4"
}
