@article{gomes17,
 author = {Gomes, Victor B. F. and Kleppmann, Martin and Mulligan, Dominic P. and Beresford, Alastair R.},
 title = {Verifying Strong Eventual Consistency in Distributed Systems},
 journal = {Proc. ACM Program. Lang.},
 issue_date = {October 2017},
 volume = {1},
 number = {OOPSLA},
 month = oct,
 year = {2017},
 issn = {2475-1421},
 pages = {109:1--109:28},
 articleno = {109},
 numpages = {28},
 doi = {10.1145/3133933},
 acmid = {3133933},
 publisher = {ACM},
 address = {New York, NY, USA},
 keywords = {CRDTs, automated theorem proving, convergence, distributed systems, replication, strong eventual consistency, verification},
}

@inproceedings{shapiro11,
 author = {Shapiro, Marc and Pregui\c{c}a, Nuno and Baquero, Carlos and Zawirski, Marek},
 title = {Conflict-free Replicated Data Types},
 booktitle = {Proceedings of the 13th International Conference on Stabilization, Safety, and Security of Distributed Systems},
 series = {SSS'11},
 year = {2011},
 isbn = {978-3-642-24549-7},
 location = {Grenoble, France},
 pages = {386--400},
 numpages = {15},
 acmid = {2050642},
 publisher = {Springer-Verlag},
 address = {Berlin, Heidelberg},
 keywords = {eventual consistency, large-scale distributed systems, replicated shared objects},
}

@inproceedings{zeller14,
  title = {{Formal Specification and Verification of CRDTs}},
  author = {Zeller, Peter and Bieniusa, Annette and Poetzsch-Heffter, Arnd},
  note = {Part 1: Specification Languages and Type Systems},
  booktitle = {{34th Formal Techniques for Networked and Distributed Systems (FORTE)}},
  address = {Berlin, Germany},
  volume = {LNCS-8461},
  pages = {33-48},
  year = {2014},
  month = Jun,
  doi = {10.1007/978-3-662-43613-4\_3},
  keywords = {CRDT ; formal verification ; eventual consistency},
  hal_id = {hal-01398007},
  hal_version = {v1},
}

@article{christiansen16,
 author = {Christiansen, David and Brady, Edwin},
 title = {Elaborator Reflection: Extending Idris in Idris},
 journal = {SIGPLAN Not.},
 issue_date = {September 2016},
 volume = {51},
 number = {9},
 month = sep,
 year = {2016},
 issn = {0362-1340},
 pages = {284--297},
 numpages = {14},
 doi = {10.1145/3022670.2951932},
 acmid = {2951932},
 publisher = {ACM},
 address = {New York, NY, USA},
 keywords = {Metaprogramming, dependent types, elaboration},
}

@article{brady13,
  title={Idris, a general-purpose dependently typed programming language: Design
  and implementation},
  volume={23},
  doi={10.1017/S095679681300018X},
  number={5},
  journal={Journal of Functional Programming},
  publisher={Cambridge University Press},
  author={Brady, Edwin},
  year={2013},
  pages={552–593}
}

@article{almeida18,
  title = "Delta state replicated data types",
  journal = "Journal of Parallel and Distributed Computing",
  volume = "111",
  pages = "162 - 173",
  year = "2018",
  issn = "0743-7315",
  doi = "https://doi.org/10.1016/j.jpdc.2017.08.003",
  author = "Paulo Sérgio Almeida and Ali Shoker and Carlos Baquero",
  keywords = "Distributed systems, Eventual consistency, State-based, Delta,
  Conflict-free replicated data types, CRDT"
}
